%YAML 1.1
%TAG !u! tag:unity3d.com,2011:
--- !u!29 &1
OcclusionCullingSettings:
  m_ObjectHideFlags: 0
  serializedVersion: 2
  m_OcclusionBakeSettings:
    smallestOccluder: 5
    smallestHole: 0.25
    backfaceThreshold: 100
  m_SceneGUID: 00000000000000000000000000000000
  m_OcclusionCullingData: {fileID: 0}
--- !u!104 &2
RenderSettings:
  m_ObjectHideFlags: 0
  serializedVersion: 9
  m_Fog: 0
  m_FogColor: {r: 0.5, g: 0.5, b: 0.5, a: 1}
  m_FogMode: 3
  m_FogDensity: 0.01
  m_LinearFogStart: 0
  m_LinearFogEnd: 300
  m_AmbientSkyColor: {r: 0.212, g: 0.227, b: 0.259, a: 1}
  m_AmbientEquatorColor: {r: 0.114, g: 0.125, b: 0.133, a: 1}
  m_AmbientGroundColor: {r: 0.047, g: 0.043, b: 0.035, a: 1}
  m_AmbientIntensity: 1
  m_AmbientMode: 3
  m_SubtractiveShadowColor: {r: 0.42, g: 0.478, b: 0.627, a: 1}
  m_SkyboxMaterial: {fileID: 0}
  m_HaloStrength: 0.5
  m_FlareStrength: 1
  m_FlareFadeSpeed: 3
  m_HaloTexture: {fileID: 0}
  m_SpotCookie: {fileID: 10001, guid: 0000000000000000e000000000000000, type: 0}
  m_DefaultReflectionMode: 0
  m_DefaultReflectionResolution: 128
  m_ReflectionBounces: 1
  m_ReflectionIntensity: 1
  m_CustomReflection: {fileID: 0}
  m_Sun: {fileID: 0}
  m_IndirectSpecularColor: {r: 0, g: 0, b: 0, a: 1}
  m_UseRadianceAmbientProbe: 0
--- !u!157 &3
LightmapSettings:
  m_ObjectHideFlags: 0
  serializedVersion: 11
  m_GIWorkflowMode: 1
  m_GISettings:
    serializedVersion: 2
    m_BounceScale: 1
    m_IndirectOutputScale: 1
    m_AlbedoBoost: 1
    m_EnvironmentLightingMode: 0
    m_EnableBakedLightmaps: 0
    m_EnableRealtimeLightmaps: 0
  m_LightmapEditorSettings:
    serializedVersion: 12
    m_Resolution: 2
    m_BakeResolution: 40
    m_AtlasSize: 1024
    m_AO: 0
    m_AOMaxDistance: 1
    m_CompAOExponent: 1
    m_CompAOExponentDirect: 0
    m_ExtractAmbientOcclusion: 0
    m_Padding: 2
    m_LightmapParameters: {fileID: 0}
    m_LightmapsBakeMode: 1
    m_TextureCompression: 1
    m_FinalGather: 0
    m_FinalGatherFiltering: 1
    m_FinalGatherRayCount: 256
    m_ReflectionCompression: 2
    m_MixedBakeMode: 2
    m_BakeBackend: 0
    m_PVRSampling: 1
    m_PVRDirectSampleCount: 32
    m_PVRSampleCount: 500
    m_PVRBounces: 2
    m_PVREnvironmentSampleCount: 500
    m_PVREnvironmentReferencePointCount: 2048
    m_PVRFilteringMode: 2
    m_PVRDenoiserTypeDirect: 0
    m_PVRDenoiserTypeIndirect: 0
    m_PVRDenoiserTypeAO: 0
    m_PVRFilterTypeDirect: 0
    m_PVRFilterTypeIndirect: 0
    m_PVRFilterTypeAO: 0
    m_PVREnvironmentMIS: 0
    m_PVRCulling: 1
    m_PVRFilteringGaussRadiusDirect: 1
    m_PVRFilteringGaussRadiusIndirect: 5
    m_PVRFilteringGaussRadiusAO: 2
    m_PVRFilteringAtrousPositionSigmaDirect: 0.5
    m_PVRFilteringAtrousPositionSigmaIndirect: 2
    m_PVRFilteringAtrousPositionSigmaAO: 1
    m_ExportTrainingData: 0
    m_TrainingDataDestination: TrainingData
  m_LightingDataAsset: {fileID: 0}
  m_UseShadowmask: 1
--- !u!196 &4
NavMeshSettings:
  serializedVersion: 2
  m_ObjectHideFlags: 0
  m_BuildSettings:
    serializedVersion: 2
    agentTypeID: 0
    agentRadius: 0.5
    agentHeight: 2
    agentSlope: 45
    agentClimb: 0.4
    ledgeDropHeight: 0
    maxJumpAcrossDistance: 0
    minRegionArea: 2
    manualCellSize: 0
    cellSize: 0.16666667
    manualTileSize: 0
    tileSize: 256
    accuratePlacement: 0
    debug:
      m_Flags: 0
  m_NavMeshData: {fileID: 0}
--- !u!1001 &65516785
PrefabInstance:
  m_ObjectHideFlags: 0
  serializedVersion: 2
  m_Modification:
    m_TransformParent: {fileID: 0}
    m_Modifications:
    - target: {fileID: 2036305111683634568, guid: fe05fac25cfd84b49979cc3b9d373a5a,
        type: 3}
      propertyPath: m_Name
      value: Ennemies (2)
      objectReference: {fileID: 0}
    - target: {fileID: 2036305111683634568, guid: fe05fac25cfd84b49979cc3b9d373a5a,
        type: 3}
      propertyPath: m_TagString
      value: Enemy
      objectReference: {fileID: 0}
    - target: {fileID: 2036305111683634568, guid: fe05fac25cfd84b49979cc3b9d373a5a,
        type: 3}
      propertyPath: m_IsActive
      value: 0
      objectReference: {fileID: 0}
    - target: {fileID: -3455006229796282087, guid: fe05fac25cfd84b49979cc3b9d373a5a,
        type: 3}
      propertyPath: target
      value: 
      objectReference: {fileID: 0}
    - target: {fileID: -3455006229796282087, guid: fe05fac25cfd84b49979cc3b9d373a5a,
        type: 3}
      propertyPath: player
      value: 
      objectReference: {fileID: 0}
    - target: {fileID: -3455006229796282087, guid: fe05fac25cfd84b49979cc3b9d373a5a,
        type: 3}
      propertyPath: range
      value: 2
      objectReference: {fileID: 0}
    - target: {fileID: 7854964405010754458, guid: fe05fac25cfd84b49979cc3b9d373a5a,
        type: 3}
      propertyPath: drawGizmos
      value: 1
      objectReference: {fileID: 0}
    - target: {fileID: -9208542759826294313, guid: fe05fac25cfd84b49979cc3b9d373a5a,
        type: 3}
      propertyPath: sight
      value: 5
      objectReference: {fileID: 0}
    - target: {fileID: -9208542759826294313, guid: fe05fac25cfd84b49979cc3b9d373a5a,
        type: 3}
      propertyPath: target
      value: 
      objectReference: {fileID: 0}
    - target: {fileID: 2036305111683634567, guid: fe05fac25cfd84b49979cc3b9d373a5a,
        type: 3}
      propertyPath: m_LocalPosition.x
      value: -8.27
      objectReference: {fileID: 0}
    - target: {fileID: 2036305111683634567, guid: fe05fac25cfd84b49979cc3b9d373a5a,
        type: 3}
      propertyPath: m_LocalPosition.y
      value: 7.75
      objectReference: {fileID: 0}
    - target: {fileID: 2036305111683634567, guid: fe05fac25cfd84b49979cc3b9d373a5a,
        type: 3}
      propertyPath: m_LocalPosition.z
      value: 0
      objectReference: {fileID: 0}
    - target: {fileID: 2036305111683634567, guid: fe05fac25cfd84b49979cc3b9d373a5a,
        type: 3}
      propertyPath: m_LocalRotation.x
      value: 0
      objectReference: {fileID: 0}
    - target: {fileID: 2036305111683634567, guid: fe05fac25cfd84b49979cc3b9d373a5a,
        type: 3}
      propertyPath: m_LocalRotation.y
      value: 0
      objectReference: {fileID: 0}
    - target: {fileID: 2036305111683634567, guid: fe05fac25cfd84b49979cc3b9d373a5a,
        type: 3}
      propertyPath: m_LocalRotation.z
      value: 0
      objectReference: {fileID: 0}
    - target: {fileID: 2036305111683634567, guid: fe05fac25cfd84b49979cc3b9d373a5a,
        type: 3}
      propertyPath: m_LocalRotation.w
      value: 1
      objectReference: {fileID: 0}
    - target: {fileID: 2036305111683634567, guid: fe05fac25cfd84b49979cc3b9d373a5a,
        type: 3}
      propertyPath: m_RootOrder
      value: 4
      objectReference: {fileID: 0}
    - target: {fileID: 2036305111683634567, guid: fe05fac25cfd84b49979cc3b9d373a5a,
        type: 3}
      propertyPath: m_LocalEulerAnglesHint.x
      value: 0
      objectReference: {fileID: 0}
    - target: {fileID: 2036305111683634567, guid: fe05fac25cfd84b49979cc3b9d373a5a,
        type: 3}
      propertyPath: m_LocalEulerAnglesHint.y
      value: 0
      objectReference: {fileID: 0}
    - target: {fileID: 2036305111683634567, guid: fe05fac25cfd84b49979cc3b9d373a5a,
        type: 3}
      propertyPath: m_LocalEulerAnglesHint.z
      value: 0
      objectReference: {fileID: 0}
    - target: {fileID: 2036305111683634566, guid: fe05fac25cfd84b49979cc3b9d373a5a,
        type: 3}
      propertyPath: m_SortingOrder
      value: 1
      objectReference: {fileID: 0}
    m_RemovedComponents: []
  m_SourcePrefab: {fileID: 100100000, guid: fe05fac25cfd84b49979cc3b9d373a5a, type: 3}
--- !u!1 &102178202 stripped
GameObject:
  m_CorrespondingSourceObject: {fileID: 2036305111683634568, guid: fe05fac25cfd84b49979cc3b9d373a5a,
    type: 3}
  m_PrefabInstance: {fileID: 888410141}
  m_PrefabAsset: {fileID: 0}
--- !u!114 &102178203
MonoBehaviour:
  m_ObjectHideFlags: 0
  m_CorrespondingSourceObject: {fileID: 0}
  m_PrefabInstance: {fileID: 0}
  m_PrefabAsset: {fileID: 0}
  m_GameObject: {fileID: 102178202}
  m_Enabled: 1
  m_EditorHideFlags: 0
  m_Script: {fileID: 11500000, guid: 847a14d4dc9cc43679ab34fc78e0182f, type: 3}
  m_Name: 
  m_EditorClassIdentifier: 
  version: 2
  repathRate: Infinity
  canSearch: 1
  canMove: 1
  speed: 4
  orientation: 1
  enableRotation: 0
  rotationSpeed: 30
  interpolatePathSwitches: 1
  switchPathInterpolationSpeed: 10
  targetCompatibility: {fileID: 0}
--- !u!1001 &134336631
PrefabInstance:
  m_ObjectHideFlags: 0
  serializedVersion: 2
  m_Modification:
    m_TransformParent: {fileID: 0}
    m_Modifications:
    - target: {fileID: 2036305111683634568, guid: fe05fac25cfd84b49979cc3b9d373a5a,
        type: 3}
      propertyPath: m_Name
      value: Ennemies (5)
      objectReference: {fileID: 0}
    - target: {fileID: 2036305111683634568, guid: fe05fac25cfd84b49979cc3b9d373a5a,
        type: 3}
      propertyPath: m_TagString
      value: Enemy
      objectReference: {fileID: 0}
    - target: {fileID: 2036305111683634568, guid: fe05fac25cfd84b49979cc3b9d373a5a,
        type: 3}
      propertyPath: m_IsActive
      value: 0
      objectReference: {fileID: 0}
    - target: {fileID: -3455006229796282087, guid: fe05fac25cfd84b49979cc3b9d373a5a,
        type: 3}
      propertyPath: target
      value: 
      objectReference: {fileID: 0}
    - target: {fileID: -3455006229796282087, guid: fe05fac25cfd84b49979cc3b9d373a5a,
        type: 3}
      propertyPath: player
      value: 
      objectReference: {fileID: 0}
    - target: {fileID: 7854964405010754458, guid: fe05fac25cfd84b49979cc3b9d373a5a,
        type: 3}
      propertyPath: drawGizmos
      value: 1
      objectReference: {fileID: 0}
    - target: {fileID: -9208542759826294313, guid: fe05fac25cfd84b49979cc3b9d373a5a,
        type: 3}
      propertyPath: sight
      value: 5
      objectReference: {fileID: 0}
    - target: {fileID: -9208542759826294313, guid: fe05fac25cfd84b49979cc3b9d373a5a,
        type: 3}
      propertyPath: target
      value: 
      objectReference: {fileID: 0}
    - target: {fileID: 2036305111683634567, guid: fe05fac25cfd84b49979cc3b9d373a5a,
        type: 3}
      propertyPath: m_LocalPosition.x
      value: 17.39
      objectReference: {fileID: 0}
    - target: {fileID: 2036305111683634567, guid: fe05fac25cfd84b49979cc3b9d373a5a,
        type: 3}
      propertyPath: m_LocalPosition.y
      value: 6.01
      objectReference: {fileID: 0}
    - target: {fileID: 2036305111683634567, guid: fe05fac25cfd84b49979cc3b9d373a5a,
        type: 3}
      propertyPath: m_LocalPosition.z
      value: 0
      objectReference: {fileID: 0}
    - target: {fileID: 2036305111683634567, guid: fe05fac25cfd84b49979cc3b9d373a5a,
        type: 3}
      propertyPath: m_LocalRotation.x
      value: 0
      objectReference: {fileID: 0}
    - target: {fileID: 2036305111683634567, guid: fe05fac25cfd84b49979cc3b9d373a5a,
        type: 3}
      propertyPath: m_LocalRotation.y
      value: 0
      objectReference: {fileID: 0}
    - target: {fileID: 2036305111683634567, guid: fe05fac25cfd84b49979cc3b9d373a5a,
        type: 3}
      propertyPath: m_LocalRotation.z
      value: 0
      objectReference: {fileID: 0}
    - target: {fileID: 2036305111683634567, guid: fe05fac25cfd84b49979cc3b9d373a5a,
        type: 3}
      propertyPath: m_LocalRotation.w
      value: 1
      objectReference: {fileID: 0}
    - target: {fileID: 2036305111683634567, guid: fe05fac25cfd84b49979cc3b9d373a5a,
        type: 3}
      propertyPath: m_RootOrder
      value: 7
      objectReference: {fileID: 0}
    - target: {fileID: 2036305111683634567, guid: fe05fac25cfd84b49979cc3b9d373a5a,
        type: 3}
      propertyPath: m_LocalEulerAnglesHint.x
      value: 0
      objectReference: {fileID: 0}
    - target: {fileID: 2036305111683634567, guid: fe05fac25cfd84b49979cc3b9d373a5a,
        type: 3}
      propertyPath: m_LocalEulerAnglesHint.y
      value: 0
      objectReference: {fileID: 0}
    - target: {fileID: 2036305111683634567, guid: fe05fac25cfd84b49979cc3b9d373a5a,
        type: 3}
      propertyPath: m_LocalEulerAnglesHint.z
      value: 0
      objectReference: {fileID: 0}
    - target: {fileID: 2036305111683634566, guid: fe05fac25cfd84b49979cc3b9d373a5a,
        type: 3}
      propertyPath: m_SortingOrder
      value: 1
      objectReference: {fileID: 0}
    m_RemovedComponents: []
  m_SourcePrefab: {fileID: 100100000, guid: fe05fac25cfd84b49979cc3b9d373a5a, type: 3}
--- !u!1001 &195247963
PrefabInstance:
  m_ObjectHideFlags: 0
  serializedVersion: 2
  m_Modification:
    m_TransformParent: {fileID: 0}
    m_Modifications:
    - target: {fileID: 2697810773929079273, guid: ddf4f11cfb8c0bb46beac5e571dba1c4,
        type: 3}
      propertyPath: m_Name
      value: Player (1)
      objectReference: {fileID: 0}
    - target: {fileID: 2697810773929079273, guid: ddf4f11cfb8c0bb46beac5e571dba1c4,
        type: 3}
      propertyPath: m_TagString
      value: Player
      objectReference: {fileID: 0}
    - target: {fileID: 4188368688466554283, guid: ddf4f11cfb8c0bb46beac5e571dba1c4,
        type: 3}
      propertyPath: m_LocalPosition.x
      value: -3.12
      objectReference: {fileID: 0}
    - target: {fileID: 4188368688466554283, guid: ddf4f11cfb8c0bb46beac5e571dba1c4,
        type: 3}
      propertyPath: m_LocalPosition.y
      value: -0.59
      objectReference: {fileID: 0}
    - target: {fileID: 4188368688466554283, guid: ddf4f11cfb8c0bb46beac5e571dba1c4,
        type: 3}
      propertyPath: m_LocalPosition.z
      value: 0
      objectReference: {fileID: 0}
    - target: {fileID: 4188368688466554283, guid: ddf4f11cfb8c0bb46beac5e571dba1c4,
        type: 3}
      propertyPath: m_LocalRotation.x
      value: 0
      objectReference: {fileID: 0}
    - target: {fileID: 4188368688466554283, guid: ddf4f11cfb8c0bb46beac5e571dba1c4,
        type: 3}
      propertyPath: m_LocalRotation.y
      value: 0
      objectReference: {fileID: 0}
    - target: {fileID: 4188368688466554283, guid: ddf4f11cfb8c0bb46beac5e571dba1c4,
        type: 3}
      propertyPath: m_LocalRotation.z
      value: 0
      objectReference: {fileID: 0}
    - target: {fileID: 4188368688466554283, guid: ddf4f11cfb8c0bb46beac5e571dba1c4,
        type: 3}
      propertyPath: m_LocalRotation.w
      value: 1
      objectReference: {fileID: 0}
    - target: {fileID: 4188368688466554283, guid: ddf4f11cfb8c0bb46beac5e571dba1c4,
        type: 3}
      propertyPath: m_RootOrder
      value: 14
      objectReference: {fileID: 0}
    - target: {fileID: 4188368688466554283, guid: ddf4f11cfb8c0bb46beac5e571dba1c4,
        type: 3}
      propertyPath: m_LocalEulerAnglesHint.x
      value: 0
      objectReference: {fileID: 0}
    - target: {fileID: 4188368688466554283, guid: ddf4f11cfb8c0bb46beac5e571dba1c4,
        type: 3}
      propertyPath: m_LocalEulerAnglesHint.y
      value: 0
      objectReference: {fileID: 0}
    - target: {fileID: 4188368688466554283, guid: ddf4f11cfb8c0bb46beac5e571dba1c4,
        type: 3}
      propertyPath: m_LocalEulerAnglesHint.z
      value: 0
      objectReference: {fileID: 0}
    - target: {fileID: 7891565361752273662, guid: ddf4f11cfb8c0bb46beac5e571dba1c4,
        type: 3}
      propertyPath: m_IsTrigger
      value: 1
      objectReference: {fileID: 0}
    - target: {fileID: 6406200260295964244, guid: ddf4f11cfb8c0bb46beac5e571dba1c4,
        type: 3}
      propertyPath: m_IsTrigger
      value: 1
      objectReference: {fileID: 0}
    m_RemovedComponents: []
  m_SourcePrefab: {fileID: 100100000, guid: ddf4f11cfb8c0bb46beac5e571dba1c4, type: 3}
--- !u!1001 &241050705
PrefabInstance:
  m_ObjectHideFlags: 0
  serializedVersion: 2
  m_Modification:
    m_TransformParent: {fileID: 0}
    m_Modifications:
    - target: {fileID: 2036305111683634568, guid: fe05fac25cfd84b49979cc3b9d373a5a,
        type: 3}
      propertyPath: m_Name
      value: Ennemies (7)
      objectReference: {fileID: 0}
    - target: {fileID: 2036305111683634568, guid: fe05fac25cfd84b49979cc3b9d373a5a,
        type: 3}
      propertyPath: m_TagString
      value: Enemy
      objectReference: {fileID: 0}
    - target: {fileID: 2036305111683634568, guid: fe05fac25cfd84b49979cc3b9d373a5a,
        type: 3}
      propertyPath: m_IsActive
      value: 0
      objectReference: {fileID: 0}
    - target: {fileID: -3455006229796282087, guid: fe05fac25cfd84b49979cc3b9d373a5a,
        type: 3}
      propertyPath: target
      value: 
      objectReference: {fileID: 0}
    - target: {fileID: -3455006229796282087, guid: fe05fac25cfd84b49979cc3b9d373a5a,
        type: 3}
      propertyPath: player
      value: 
      objectReference: {fileID: 0}
    - target: {fileID: 7854964405010754458, guid: fe05fac25cfd84b49979cc3b9d373a5a,
        type: 3}
      propertyPath: drawGizmos
      value: 1
      objectReference: {fileID: 0}
    - target: {fileID: -9208542759826294313, guid: fe05fac25cfd84b49979cc3b9d373a5a,
        type: 3}
      propertyPath: sight
      value: 5
      objectReference: {fileID: 0}
    - target: {fileID: -9208542759826294313, guid: fe05fac25cfd84b49979cc3b9d373a5a,
        type: 3}
      propertyPath: target
      value: 
      objectReference: {fileID: 0}
    - target: {fileID: 2036305111683634567, guid: fe05fac25cfd84b49979cc3b9d373a5a,
        type: 3}
      propertyPath: m_LocalPosition.x
      value: 15.49
      objectReference: {fileID: 0}
    - target: {fileID: 2036305111683634567, guid: fe05fac25cfd84b49979cc3b9d373a5a,
        type: 3}
      propertyPath: m_LocalPosition.y
      value: -3.18
      objectReference: {fileID: 0}
    - target: {fileID: 2036305111683634567, guid: fe05fac25cfd84b49979cc3b9d373a5a,
        type: 3}
      propertyPath: m_LocalPosition.z
      value: 0
      objectReference: {fileID: 0}
    - target: {fileID: 2036305111683634567, guid: fe05fac25cfd84b49979cc3b9d373a5a,
        type: 3}
      propertyPath: m_LocalRotation.x
      value: 0
      objectReference: {fileID: 0}
    - target: {fileID: 2036305111683634567, guid: fe05fac25cfd84b49979cc3b9d373a5a,
        type: 3}
      propertyPath: m_LocalRotation.y
      value: 0
      objectReference: {fileID: 0}
    - target: {fileID: 2036305111683634567, guid: fe05fac25cfd84b49979cc3b9d373a5a,
        type: 3}
      propertyPath: m_LocalRotation.z
      value: 0
      objectReference: {fileID: 0}
    - target: {fileID: 2036305111683634567, guid: fe05fac25cfd84b49979cc3b9d373a5a,
        type: 3}
      propertyPath: m_LocalRotation.w
      value: 1
      objectReference: {fileID: 0}
    - target: {fileID: 2036305111683634567, guid: fe05fac25cfd84b49979cc3b9d373a5a,
        type: 3}
      propertyPath: m_RootOrder
      value: 9
      objectReference: {fileID: 0}
    - target: {fileID: 2036305111683634567, guid: fe05fac25cfd84b49979cc3b9d373a5a,
        type: 3}
      propertyPath: m_LocalEulerAnglesHint.x
      value: 0
      objectReference: {fileID: 0}
    - target: {fileID: 2036305111683634567, guid: fe05fac25cfd84b49979cc3b9d373a5a,
        type: 3}
      propertyPath: m_LocalEulerAnglesHint.y
      value: 0
      objectReference: {fileID: 0}
    - target: {fileID: 2036305111683634567, guid: fe05fac25cfd84b49979cc3b9d373a5a,
        type: 3}
      propertyPath: m_LocalEulerAnglesHint.z
      value: 0
      objectReference: {fileID: 0}
    - target: {fileID: 2036305111683634566, guid: fe05fac25cfd84b49979cc3b9d373a5a,
        type: 3}
      propertyPath: m_SortingOrder
      value: 1
      objectReference: {fileID: 0}
    m_RemovedComponents: []
  m_SourcePrefab: {fileID: 100100000, guid: fe05fac25cfd84b49979cc3b9d373a5a, type: 3}
--- !u!1 &519420028
GameObject:
  m_ObjectHideFlags: 0
  m_CorrespondingSourceObject: {fileID: 0}
  m_PrefabInstance: {fileID: 0}
  m_PrefabAsset: {fileID: 0}
  serializedVersion: 6
  m_Component:
  - component: {fileID: 519420032}
  - component: {fileID: 519420031}
  - component: {fileID: 519420029}
  m_Layer: 0
  m_Name: Main Camera
  m_TagString: MainCamera
  m_Icon: {fileID: 0}
  m_NavMeshLayer: 0
  m_StaticEditorFlags: 0
  m_IsActive: 1
--- !u!81 &519420029
AudioListener:
  m_ObjectHideFlags: 0
  m_CorrespondingSourceObject: {fileID: 0}
  m_PrefabInstance: {fileID: 0}
  m_PrefabAsset: {fileID: 0}
  m_GameObject: {fileID: 519420028}
  m_Enabled: 1
--- !u!20 &519420031
Camera:
  m_ObjectHideFlags: 0
  m_CorrespondingSourceObject: {fileID: 0}
  m_PrefabInstance: {fileID: 0}
  m_PrefabAsset: {fileID: 0}
  m_GameObject: {fileID: 519420028}
  m_Enabled: 1
  serializedVersion: 2
  m_ClearFlags: 2
  m_BackGroundColor: {r: 0.19215687, g: 0.3019608, b: 0.4745098, a: 0}
  m_projectionMatrixMode: 1
  m_GateFitMode: 2
  m_FOVAxisMode: 0
  m_SensorSize: {x: 36, y: 24}
  m_LensShift: {x: 0, y: 0}
  m_FocalLength: 50
  m_NormalizedViewPortRect:
    serializedVersion: 2
    x: 0
    y: 0
    width: 1
    height: 1
  near clip plane: 0.3
  far clip plane: 1000
  field of view: 60
  orthographic: 1
  orthographic size: 5
  m_Depth: -1
  m_CullingMask:
    serializedVersion: 2
    m_Bits: 4294967295
  m_RenderingPath: -1
  m_TargetTexture: {fileID: 0}
  m_TargetDisplay: 0
  m_TargetEye: 0
  m_HDR: 1
  m_AllowMSAA: 0
  m_AllowDynamicResolution: 0
  m_ForceIntoRT: 0
  m_OcclusionCulling: 0
  m_StereoConvergence: 10
  m_StereoSeparation: 0.022
--- !u!4 &519420032
Transform:
  m_ObjectHideFlags: 0
  m_CorrespondingSourceObject: {fileID: 0}
  m_PrefabInstance: {fileID: 0}
  m_PrefabAsset: {fileID: 0}
  m_GameObject: {fileID: 519420028}
  m_LocalRotation: {x: 0, y: 0, z: 0, w: 1}
  m_LocalPosition: {x: 0, y: 0, z: -10}
  m_LocalScale: {x: 1, y: 1, z: 1}
  m_Children: []
  m_Father: {fileID: 0}
  m_RootOrder: 0
  m_LocalEulerAnglesHint: {x: 0, y: 0, z: 0}
--- !u!1 &559623859
GameObject:
  m_ObjectHideFlags: 0
  m_CorrespondingSourceObject: {fileID: 0}
  m_PrefabInstance: {fileID: 0}
  m_PrefabAsset: {fileID: 0}
  serializedVersion: 6
  m_Component:
  - component: {fileID: 559623860}
  m_Layer: 0
  m_Name: GameObject
  m_TagString: Untagged
  m_Icon: {fileID: 0}
  m_NavMeshLayer: 0
  m_StaticEditorFlags: 0
  m_IsActive: 1
--- !u!4 &559623860
Transform:
  m_ObjectHideFlags: 0
  m_CorrespondingSourceObject: {fileID: 0}
  m_PrefabInstance: {fileID: 0}
  m_PrefabAsset: {fileID: 0}
  m_GameObject: {fileID: 559623859}
  m_LocalRotation: {x: 0, y: 0, z: 0, w: 1}
  m_LocalPosition: {x: 6.103316, y: 0.3310277, z: -12.6953125}
  m_LocalScale: {x: 1, y: 1, z: 1}
  m_Children: []
  m_Father: {fileID: 0}
  m_RootOrder: 12
  m_LocalEulerAnglesHint: {x: 0, y: 0, z: 0}
--- !u!1001 &572530912
PrefabInstance:
  m_ObjectHideFlags: 0
  serializedVersion: 2
  m_Modification:
    m_TransformParent: {fileID: 0}
    m_Modifications:
    - target: {fileID: 2036305111683634568, guid: fe05fac25cfd84b49979cc3b9d373a5a,
        type: 3}
      propertyPath: m_Name
      value: Ennemies (1)
      objectReference: {fileID: 0}
    - target: {fileID: 2036305111683634568, guid: fe05fac25cfd84b49979cc3b9d373a5a,
        type: 3}
      propertyPath: m_TagString
      value: Enemy
      objectReference: {fileID: 0}
    - target: {fileID: 2036305111683634568, guid: fe05fac25cfd84b49979cc3b9d373a5a,
        type: 3}
      propertyPath: m_IsActive
      value: 0
      objectReference: {fileID: 0}
    - target: {fileID: -3455006229796282087, guid: fe05fac25cfd84b49979cc3b9d373a5a,
        type: 3}
      propertyPath: target
      value: 
      objectReference: {fileID: 0}
    - target: {fileID: -3455006229796282087, guid: fe05fac25cfd84b49979cc3b9d373a5a,
        type: 3}
      propertyPath: player
      value: 
      objectReference: {fileID: 0}
    - target: {fileID: 7854964405010754458, guid: fe05fac25cfd84b49979cc3b9d373a5a,
        type: 3}
      propertyPath: drawGizmos
      value: 1
      objectReference: {fileID: 0}
    - target: {fileID: -9208542759826294313, guid: fe05fac25cfd84b49979cc3b9d373a5a,
        type: 3}
      propertyPath: sight
      value: 5
      objectReference: {fileID: 0}
    - target: {fileID: -9208542759826294313, guid: fe05fac25cfd84b49979cc3b9d373a5a,
        type: 3}
      propertyPath: target
      value: 
      objectReference: {fileID: 0}
    - target: {fileID: 2036305111683634567, guid: fe05fac25cfd84b49979cc3b9d373a5a,
        type: 3}
      propertyPath: m_LocalPosition.x
      value: -22.46
      objectReference: {fileID: 0}
    - target: {fileID: 2036305111683634567, guid: fe05fac25cfd84b49979cc3b9d373a5a,
        type: 3}
      propertyPath: m_LocalPosition.y
      value: 6.92
      objectReference: {fileID: 0}
    - target: {fileID: 2036305111683634567, guid: fe05fac25cfd84b49979cc3b9d373a5a,
        type: 3}
      propertyPath: m_LocalPosition.z
      value: 0
      objectReference: {fileID: 0}
    - target: {fileID: 2036305111683634567, guid: fe05fac25cfd84b49979cc3b9d373a5a,
        type: 3}
      propertyPath: m_LocalRotation.x
      value: 0
      objectReference: {fileID: 0}
    - target: {fileID: 2036305111683634567, guid: fe05fac25cfd84b49979cc3b9d373a5a,
        type: 3}
      propertyPath: m_LocalRotation.y
      value: 0
      objectReference: {fileID: 0}
    - target: {fileID: 2036305111683634567, guid: fe05fac25cfd84b49979cc3b9d373a5a,
        type: 3}
      propertyPath: m_LocalRotation.z
      value: 0
      objectReference: {fileID: 0}
    - target: {fileID: 2036305111683634567, guid: fe05fac25cfd84b49979cc3b9d373a5a,
        type: 3}
      propertyPath: m_LocalRotation.w
      value: 1
      objectReference: {fileID: 0}
    - target: {fileID: 2036305111683634567, guid: fe05fac25cfd84b49979cc3b9d373a5a,
        type: 3}
      propertyPath: m_RootOrder
      value: 3
      objectReference: {fileID: 0}
    - target: {fileID: 2036305111683634567, guid: fe05fac25cfd84b49979cc3b9d373a5a,
        type: 3}
      propertyPath: m_LocalEulerAnglesHint.x
      value: 0
      objectReference: {fileID: 0}
    - target: {fileID: 2036305111683634567, guid: fe05fac25cfd84b49979cc3b9d373a5a,
        type: 3}
      propertyPath: m_LocalEulerAnglesHint.y
      value: 0
      objectReference: {fileID: 0}
    - target: {fileID: 2036305111683634567, guid: fe05fac25cfd84b49979cc3b9d373a5a,
        type: 3}
      propertyPath: m_LocalEulerAnglesHint.z
      value: 0
      objectReference: {fileID: 0}
    - target: {fileID: 2036305111683634566, guid: fe05fac25cfd84b49979cc3b9d373a5a,
        type: 3}
      propertyPath: m_SortingOrder
      value: 1
      objectReference: {fileID: 0}
    m_RemovedComponents: []
  m_SourcePrefab: {fileID: 100100000, guid: fe05fac25cfd84b49979cc3b9d373a5a, type: 3}
--- !u!1 &628557201 stripped
GameObject:
  m_CorrespondingSourceObject: {fileID: 2036305111683634568, guid: fe05fac25cfd84b49979cc3b9d373a5a,
    type: 3}
  m_PrefabInstance: {fileID: 572530912}
  m_PrefabAsset: {fileID: 0}
--- !u!114 &628557202
MonoBehaviour:
  m_ObjectHideFlags: 0
  m_CorrespondingSourceObject: {fileID: 0}
  m_PrefabInstance: {fileID: 0}
  m_PrefabAsset: {fileID: 0}
  m_GameObject: {fileID: 628557201}
  m_Enabled: 1
  m_EditorHideFlags: 0
  m_Script: {fileID: 11500000, guid: 847a14d4dc9cc43679ab34fc78e0182f, type: 3}
  m_Name: 
  m_EditorClassIdentifier: 
  version: 2
  repathRate: Infinity
  canSearch: 1
  canMove: 1
  speed: 4
  orientation: 1
  enableRotation: 0
  rotationSpeed: 30
  interpolatePathSwitches: 1
  switchPathInterpolationSpeed: 10
  targetCompatibility: {fileID: 0}
--- !u!1 &791212333
GameObject:
  m_ObjectHideFlags: 0
  m_CorrespondingSourceObject: {fileID: 0}
  m_PrefabInstance: {fileID: 0}
  m_PrefabAsset: {fileID: 0}
  serializedVersion: 6
  m_Component:
  - component: {fileID: 791212336}
  - component: {fileID: 791212334}
  m_Layer: 0
  m_Name: A*
  m_TagString: Untagged
  m_Icon: {fileID: 0}
  m_NavMeshLayer: 0
  m_StaticEditorFlags: 0
  m_IsActive: 1
--- !u!114 &791212334
MonoBehaviour:
  m_ObjectHideFlags: 0
  m_CorrespondingSourceObject: {fileID: 0}
  m_PrefabInstance: {fileID: 0}
  m_PrefabAsset: {fileID: 0}
  m_GameObject: {fileID: 791212333}
  m_Enabled: 1
  m_EditorHideFlags: 0
  m_Script: {fileID: 11500000, guid: 78396926cbbfc4ac3b48fc5fc34a87d1, type: 3}
  m_Name: 
  m_EditorClassIdentifier: 
  version: 1
  data:
    dataString: UEsDBBQAAAgIAAAIIey7ylCGQgIAAOsEAAALACQAZ3JhcGgwLmpzb24KACAAAAAAAAEAGAAAgD7V3rGdAQCAPtXesZ0BAIA+1d6xnQF1VE1z2jAQ/SuMzmXG0ECb3logpAcCE5rJxRchrW0NsuTRR/jI8N+7kg027vRke/e91Xu7a30SoWwFzGmzNIKvNAfyY0DCO/kyaJPPcKS5VltxhivmXXBXBBCNmFfqhMb4KNCsLsEZwX6qXAZwgkGvRKZNueA5zLR1FsMZlRYwZbQLbIWhzwE54mP4GCinhnoOz8EF3xgoB6aDGzew0R3MKyZpWQEPglv05Fp0PIowhVYaROAzLaWwjQ7iTlX0+UpPwSUXFD3FswO2AJEXLpTqEtdZZsE1qg09zYXB1tQVyS9d96ukdl9r+qDShzPGk2nUUxdd/ZMf1nIzo8vn67mjJJzhCsH2qJBR6zoN7Ybn98K9OlC5pzsJ7wWoF7002iuOSWd8oHoL43n7ebM2K4Dt23gttRf0Vdvr/vyCh0t0f5xJUe6aFH5upY6djiMHgzP5jXLjQtgGhdGg4c3CH5p3N6dJPAljHaYajyqI22lvApQsYseCF+9m2igw3QoVKCrdaYN1XH+Cvdz/WU80/CTN6U3uuvs9Sgy3+CTppTb6cJuVLfRhBbZYeyeFgrbRIfGCjZpppeoF61q60rbeZJR1aLkX/H6zyJTRxyT5msB0/DBF9DABGO/Yw4gl0+/822RC4uoJhT6p3NRCm/bg2FRbXOGaXe+OwdLQKi47N/SwFOdS2xYpVKa3zACodV3hJhwMHoI/JF9wgQ3agnNCxYGTz5RIzfbA01uhNDpdHJ2haVslJZX40C5EUjKL90VKLuTyF1BLAwQUAAAICAAACCHs3qzT2mwAAAB3AAAACQAkAG1ldGEuanNvbgoAIAAAAAAAAQAYAACAPtXesZ0BAIA+1d6xnQEAgD7V3rGdAatWKkstKs7Mz1OyUjDRM9Kz0FFQSi9KLMgoBgoYgjilmSkgdrSSWXKipYGBsUGqmZGJWVpisq5BaqpRUrKJYbKBmUWKuampUixQfUllQapfYm4qRE9AYklGWmZeSmZeup57UWaKO8hopdhaAFBLAQItABQAAAgIAAAIIey7ylCGQgIAAOsEAAALACQAAAAAAAAAAAAAAAAAAABncmFwaDAuanNvbgoAIAAAAAAAAQAYAACAPtXesZ0BAIA+1d6xnQEAgD7V3rGdAVBLAQItABQAAAgIAAAIIezerNPabAAAAHcAAAAJACQAAAAAAAAAAAAAAI8CAABtZXRhLmpzb24KACAAAAAAAAEAGAAAgD7V3rGdAQCAPtXesZ0BAIA+1d6xnQFQSwUGAAAAAAIAAgC4AAAARgMAAAAA
    upgradeData: 
    file_cachedStartup: {fileID: 0}
    data_cachedStartup: 
    cacheStartup: 0
  showNavGraphs: 1
  showUnwalkableNodes: 0
  debugMode: 0
  debugFloor: 0
  debugRoof: 1
  manualDebugFloorRoof: 0
  showSearchTree: 0
  unwalkableNodeDebugSize: 0.5
  logPathResults: 0
  maxNearestNodeDistance: 100
  scanOnStartup: 1
  fullGetNearestSearch: 0
  prioritizeGraphs: 0
  prioritizeGraphsLimit: 1
  colorSettings:
    _SolidColor: {r: 0.11764706, g: 0.4, b: 0.7882353, a: 0.9}
    _UnwalkableNode: {r: 1, g: 0, b: 0, a: 0.5}
    _BoundsHandles: {r: 0.29, g: 0.454, b: 0.741, a: 0.9}
    _ConnectionLowLerp: {r: 0, g: 1, b: 0, a: 0.5}
    _ConnectionHighLerp: {r: 1, g: 0, b: 0, a: 0.5}
    _MeshEdgeColor: {r: 0, g: 0, b: 0, a: 0.5}
    _AreaColors: []
  tagNames:
  - Basic Ground
  - 1
  - 2
  - 3
  - 4
  - 5
  - 6
  - 7
  - 8
  - 9
  - 10
  - 11
  - 12
  - 13
  - 14
  - 15
  - 16
  - 17
  - 18
  - 19
  - 20
  - 21
  - 22
  - 23
  - 24
  - 25
  - 26
  - 27
  - 28
  - 29
  - 30
  - 31
  heuristic: 1
  heuristicScale: 1
  threadCount: 0
  maxFrameTime: 1
  batchGraphUpdates: 0
  graphUpdateBatchingInterval: 0.2
  euclideanEmbedding:
    mode: 0
    seed: 0
    pivotPointRoot: {fileID: 0}
    spreadOutCount: 1
  showGraphs: 1
--- !u!4 &791212336
Transform:
  m_ObjectHideFlags: 0
  m_CorrespondingSourceObject: {fileID: 0}
  m_PrefabInstance: {fileID: 0}
  m_PrefabAsset: {fileID: 0}
  m_GameObject: {fileID: 791212333}
  m_LocalRotation: {x: 0, y: 0, z: 0, w: 1}
  m_LocalPosition: {x: 0.26, y: -0.12, z: 0}
  m_LocalScale: {x: 35, y: 11.37, z: 1}
  m_Children: []
  m_Father: {fileID: 0}
  m_RootOrder: 2
  m_LocalEulerAnglesHint: {x: 0, y: 0, z: 0}
--- !u!1 &798682758 stripped
GameObject:
  m_CorrespondingSourceObject: {fileID: 2036305111683634568, guid: fe05fac25cfd84b49979cc3b9d373a5a,
    type: 3}
  m_PrefabInstance: {fileID: 1466657285}
  m_PrefabAsset: {fileID: 0}
--- !u!114 &798682759
MonoBehaviour:
  m_ObjectHideFlags: 0
  m_CorrespondingSourceObject: {fileID: 0}
  m_PrefabInstance: {fileID: 0}
  m_PrefabAsset: {fileID: 0}
  m_GameObject: {fileID: 798682758}
  m_Enabled: 1
  m_EditorHideFlags: 0
  m_Script: {fileID: 11500000, guid: 847a14d4dc9cc43679ab34fc78e0182f, type: 3}
  m_Name: 
  m_EditorClassIdentifier: 
  version: 2
  repathRate: Infinity
  canSearch: 1
  canMove: 1
  speed: 4
  orientation: 1
  enableRotation: 0
  rotationSpeed: 30
  interpolatePathSwitches: 1
  switchPathInterpolationSpeed: 10
  targetCompatibility: {fileID: 0}
--- !u!1001 &888410141
PrefabInstance:
  m_ObjectHideFlags: 0
  serializedVersion: 2
  m_Modification:
    m_TransformParent: {fileID: 0}
    m_Modifications:
    - target: {fileID: 2036305111683634568, guid: fe05fac25cfd84b49979cc3b9d373a5a,
        type: 3}
      propertyPath: m_Name
      value: Ennemies (3)
      objectReference: {fileID: 0}
    - target: {fileID: 2036305111683634568, guid: fe05fac25cfd84b49979cc3b9d373a5a,
        type: 3}
      propertyPath: m_TagString
      value: Enemy
      objectReference: {fileID: 0}
    - target: {fileID: 2036305111683634568, guid: fe05fac25cfd84b49979cc3b9d373a5a,
        type: 3}
      propertyPath: m_IsActive
      value: 0
      objectReference: {fileID: 0}
    - target: {fileID: -3455006229796282087, guid: fe05fac25cfd84b49979cc3b9d373a5a,
        type: 3}
      propertyPath: target
      value: 
      objectReference: {fileID: 0}
    - target: {fileID: -3455006229796282087, guid: fe05fac25cfd84b49979cc3b9d373a5a,
        type: 3}
      propertyPath: player
      value: 
      objectReference: {fileID: 0}
    - target: {fileID: 7854964405010754458, guid: fe05fac25cfd84b49979cc3b9d373a5a,
        type: 3}
      propertyPath: drawGizmos
      value: 1
      objectReference: {fileID: 0}
    - target: {fileID: -9208542759826294313, guid: fe05fac25cfd84b49979cc3b9d373a5a,
        type: 3}
      propertyPath: sight
      value: 5
      objectReference: {fileID: 0}
    - target: {fileID: -9208542759826294313, guid: fe05fac25cfd84b49979cc3b9d373a5a,
        type: 3}
      propertyPath: target
      value: 
      objectReference: {fileID: 0}
    - target: {fileID: 2036305111683634567, guid: fe05fac25cfd84b49979cc3b9d373a5a,
        type: 3}
      propertyPath: m_LocalPosition.x
      value: -2.2
      objectReference: {fileID: 0}
    - target: {fileID: 2036305111683634567, guid: fe05fac25cfd84b49979cc3b9d373a5a,
        type: 3}
      propertyPath: m_LocalPosition.y
      value: 7.37
      objectReference: {fileID: 0}
    - target: {fileID: 2036305111683634567, guid: fe05fac25cfd84b49979cc3b9d373a5a,
        type: 3}
      propertyPath: m_LocalPosition.z
      value: 0
      objectReference: {fileID: 0}
    - target: {fileID: 2036305111683634567, guid: fe05fac25cfd84b49979cc3b9d373a5a,
        type: 3}
      propertyPath: m_LocalRotation.x
      value: 0
      objectReference: {fileID: 0}
    - target: {fileID: 2036305111683634567, guid: fe05fac25cfd84b49979cc3b9d373a5a,
        type: 3}
      propertyPath: m_LocalRotation.y
      value: 0
      objectReference: {fileID: 0}
    - target: {fileID: 2036305111683634567, guid: fe05fac25cfd84b49979cc3b9d373a5a,
        type: 3}
      propertyPath: m_LocalRotation.z
      value: 0
      objectReference: {fileID: 0}
    - target: {fileID: 2036305111683634567, guid: fe05fac25cfd84b49979cc3b9d373a5a,
        type: 3}
      propertyPath: m_LocalRotation.w
      value: 1
      objectReference: {fileID: 0}
    - target: {fileID: 2036305111683634567, guid: fe05fac25cfd84b49979cc3b9d373a5a,
        type: 3}
      propertyPath: m_RootOrder
      value: 5
      objectReference: {fileID: 0}
    - target: {fileID: 2036305111683634567, guid: fe05fac25cfd84b49979cc3b9d373a5a,
        type: 3}
      propertyPath: m_LocalEulerAnglesHint.x
      value: 0
      objectReference: {fileID: 0}
    - target: {fileID: 2036305111683634567, guid: fe05fac25cfd84b49979cc3b9d373a5a,
        type: 3}
      propertyPath: m_LocalEulerAnglesHint.y
      value: 0
      objectReference: {fileID: 0}
    - target: {fileID: 2036305111683634567, guid: fe05fac25cfd84b49979cc3b9d373a5a,
        type: 3}
      propertyPath: m_LocalEulerAnglesHint.z
      value: 0
      objectReference: {fileID: 0}
    - target: {fileID: 2036305111683634566, guid: fe05fac25cfd84b49979cc3b9d373a5a,
        type: 3}
      propertyPath: m_SortingOrder
      value: 1
      objectReference: {fileID: 0}
    m_RemovedComponents: []
  m_SourcePrefab: {fileID: 100100000, guid: fe05fac25cfd84b49979cc3b9d373a5a, type: 3}
--- !u!1 &1060879165 stripped
GameObject:
  m_CorrespondingSourceObject: {fileID: 2036305111683634568, guid: fe05fac25cfd84b49979cc3b9d373a5a,
    type: 3}
  m_PrefabInstance: {fileID: 241050705}
  m_PrefabAsset: {fileID: 0}
--- !u!114 &1060879166
MonoBehaviour:
  m_ObjectHideFlags: 0
  m_CorrespondingSourceObject: {fileID: 0}
  m_PrefabInstance: {fileID: 0}
  m_PrefabAsset: {fileID: 0}
  m_GameObject: {fileID: 1060879165}
  m_Enabled: 1
  m_EditorHideFlags: 0
  m_Script: {fileID: 11500000, guid: 847a14d4dc9cc43679ab34fc78e0182f, type: 3}
  m_Name: 
  m_EditorClassIdentifier: 
  version: 2
  repathRate: Infinity
  canSearch: 1
  canMove: 1
  speed: 4
  orientation: 1
  enableRotation: 0
  rotationSpeed: 30
  interpolatePathSwitches: 1
  switchPathInterpolationSpeed: 10
  targetCompatibility: {fileID: 0}
--- !u!1 &1181793203
GameObject:
  m_ObjectHideFlags: 0
  m_CorrespondingSourceObject: {fileID: 0}
  m_PrefabInstance: {fileID: 0}
  m_PrefabAsset: {fileID: 0}
  serializedVersion: 6
  m_Component:
  - component: {fileID: 1181793206}
  - component: {fileID: 1181793205}
  - component: {fileID: 1181793204}
  m_Layer: 8
  m_Name: New Sprite
  m_TagString: Untagged
  m_Icon: {fileID: 0}
  m_NavMeshLayer: 0
  m_StaticEditorFlags: 0
  m_IsActive: 1
--- !u!61 &1181793204
BoxCollider2D:
  m_ObjectHideFlags: 0
  m_CorrespondingSourceObject: {fileID: 0}
  m_PrefabInstance: {fileID: 0}
  m_PrefabAsset: {fileID: 0}
  m_GameObject: {fileID: 1181793203}
  m_Enabled: 1
  m_Density: 1
  m_Material: {fileID: 0}
  m_IsTrigger: 0
  m_UsedByEffector: 0
  m_UsedByComposite: 0
  m_Offset: {x: 0.5, y: -0.5}
  m_SpriteTilingProperty:
    border: {x: 0, y: 0, z: 0, w: 0}
    pivot: {x: 0.5, y: 0.5}
    oldSize: {x: 0.2, y: 0.2}
    newSize: {x: 1, y: 1}
    adaptiveTilingThreshold: 0.5
    drawMode: 0
    adaptiveTiling: 0
  m_AutoTiling: 0
  serializedVersion: 2
  m_Size: {x: 1, y: 1}
  m_EdgeRadius: 0
--- !u!212 &1181793205
SpriteRenderer:
  m_ObjectHideFlags: 0
  m_CorrespondingSourceObject: {fileID: 0}
  m_PrefabInstance: {fileID: 0}
  m_PrefabAsset: {fileID: 0}
  m_GameObject: {fileID: 1181793203}
  m_Enabled: 1
  m_CastShadows: 0
  m_ReceiveShadows: 0
  m_DynamicOccludee: 1
  m_MotionVectors: 1
  m_LightProbeUsage: 1
  m_ReflectionProbeUsage: 1
  m_RenderingLayerMask: 1
  m_RendererPriority: 0
  m_Materials:
  - {fileID: 10754, guid: 0000000000000000f000000000000000, type: 0}
  m_StaticBatchInfo:
    firstSubMesh: 0
    subMeshCount: 0
  m_StaticBatchRoot: {fileID: 0}
  m_ProbeAnchor: {fileID: 0}
  m_LightProbeVolumeOverride: {fileID: 0}
  m_ScaleInLightmap: 1
  m_ReceiveGI: 1
  m_PreserveUVs: 0
  m_IgnoreNormalsForChartDetection: 0
  m_ImportantGI: 0
  m_StitchLightmapSeams: 1
  m_SelectedEditorRenderState: 0
  m_MinimumChartSize: 4
  m_AutoUVMaxDistance: 0.5
  m_AutoUVMaxAngle: 89
  m_LightmapParameters: {fileID: 0}
  m_SortingLayerID: 0
  m_SortingLayer: 0
  m_SortingOrder: 0
  m_Sprite: {fileID: 21300000, guid: a04ddf204f9eec7499ddbe9391122efe, type: 3}
  m_Color: {r: 0, g: 0, b: 0, a: 1}
  m_FlipX: 0
  m_FlipY: 0
  m_DrawMode: 0
  m_Size: {x: 1, y: 1}
  m_AdaptiveModeThreshold: 0.5
  m_SpriteTileMode: 0
  m_WasSpriteAssigned: 1
  m_MaskInteraction: 0
  m_SpriteSortPoint: 0
--- !u!4 &1181793206
Transform:
  m_ObjectHideFlags: 0
  m_CorrespondingSourceObject: {fileID: 0}
  m_PrefabInstance: {fileID: 0}
  m_PrefabAsset: {fileID: 0}
  m_GameObject: {fileID: 1181793203}
  m_LocalRotation: {x: 0, y: 0, z: -0.08715578, w: 0.9961947}
  m_LocalPosition: {x: -14.36, y: 7.64, z: -18.369816}
  m_LocalScale: {x: 9.77, y: 1.683, z: 1}
  m_Children: []
  m_Father: {fileID: 0}
  m_RootOrder: 10
  m_LocalEulerAnglesHint: {x: 0, y: 0, z: -10}
--- !u!1001 &1222929604
PrefabInstance:
  m_ObjectHideFlags: 0
  serializedVersion: 2
  m_Modification:
    m_TransformParent: {fileID: 0}
    m_Modifications:
    - target: {fileID: 1783628496585099962, guid: a0b2502d49488b54282f3bcdbe6e4112,
        type: 3}
      propertyPath: m_Name
      value: Mob3 (1)
      objectReference: {fileID: 0}
    - target: {fileID: 1783628496585099957, guid: a0b2502d49488b54282f3bcdbe6e4112,
        type: 3}
      propertyPath: m_LocalPosition.x
      value: -4.3307796
      objectReference: {fileID: 0}
    - target: {fileID: 1783628496585099957, guid: a0b2502d49488b54282f3bcdbe6e4112,
        type: 3}
      propertyPath: m_LocalPosition.y
      value: -0.53011626
      objectReference: {fileID: 0}
    - target: {fileID: 1783628496585099957, guid: a0b2502d49488b54282f3bcdbe6e4112,
        type: 3}
      propertyPath: m_LocalPosition.z
      value: 0
      objectReference: {fileID: 0}
    - target: {fileID: 1783628496585099957, guid: a0b2502d49488b54282f3bcdbe6e4112,
        type: 3}
      propertyPath: m_LocalRotation.x
      value: 0
      objectReference: {fileID: 0}
    - target: {fileID: 1783628496585099957, guid: a0b2502d49488b54282f3bcdbe6e4112,
        type: 3}
      propertyPath: m_LocalRotation.y
      value: 0
      objectReference: {fileID: 0}
    - target: {fileID: 1783628496585099957, guid: a0b2502d49488b54282f3bcdbe6e4112,
        type: 3}
      propertyPath: m_LocalRotation.z
      value: 0
      objectReference: {fileID: 0}
    - target: {fileID: 1783628496585099957, guid: a0b2502d49488b54282f3bcdbe6e4112,
        type: 3}
      propertyPath: m_LocalRotation.w
      value: 1
      objectReference: {fileID: 0}
    - target: {fileID: 1783628496585099957, guid: a0b2502d49488b54282f3bcdbe6e4112,
        type: 3}
      propertyPath: m_RootOrder
      value: 13
      objectReference: {fileID: 0}
    - target: {fileID: 1783628496585099957, guid: a0b2502d49488b54282f3bcdbe6e4112,
        type: 3}
      propertyPath: m_LocalEulerAnglesHint.x
      value: 0
      objectReference: {fileID: 0}
    - target: {fileID: 1783628496585099957, guid: a0b2502d49488b54282f3bcdbe6e4112,
        type: 3}
      propertyPath: m_LocalEulerAnglesHint.y
      value: 0
      objectReference: {fileID: 0}
    - target: {fileID: 1783628496585099957, guid: a0b2502d49488b54282f3bcdbe6e4112,
        type: 3}
      propertyPath: m_LocalEulerAnglesHint.z
      value: 0
      objectReference: {fileID: 0}
    - target: {fileID: 6093240813342703147, guid: a0b2502d49488b54282f3bcdbe6e4112,
        type: 3}
      propertyPath: player
      value: 
      objectReference: {fileID: 0}
    m_RemovedComponents: []
  m_SourcePrefab: {fileID: 100100000, guid: a0b2502d49488b54282f3bcdbe6e4112, type: 3}
--- !u!1 &1330873829 stripped
GameObject:
  m_CorrespondingSourceObject: {fileID: 2036305111683634568, guid: fe05fac25cfd84b49979cc3b9d373a5a,
    type: 3}
  m_PrefabInstance: {fileID: 65516785}
  m_PrefabAsset: {fileID: 0}
--- !u!114 &1330873830
MonoBehaviour:
  m_ObjectHideFlags: 0
  m_CorrespondingSourceObject: {fileID: 0}
  m_PrefabInstance: {fileID: 0}
  m_PrefabAsset: {fileID: 0}
  m_GameObject: {fileID: 1330873829}
  m_Enabled: 1
  m_EditorHideFlags: 0
  m_Script: {fileID: 11500000, guid: 847a14d4dc9cc43679ab34fc78e0182f, type: 3}
  m_Name: 
  m_EditorClassIdentifier: 
  version: 2
  repathRate: Infinity
  canSearch: 1
  canMove: 1
  speed: 4
  orientation: 1
  enableRotation: 0
  rotationSpeed: 30
  interpolatePathSwitches: 1
  switchPathInterpolationSpeed: 10
  targetCompatibility: {fileID: 0}
--- !u!1001 &1432803668
PrefabInstance:
  m_ObjectHideFlags: 0
  serializedVersion: 2
  m_Modification:
    m_TransformParent: {fileID: 0}
    m_Modifications:
    - target: {fileID: 2036305111683634568, guid: fe05fac25cfd84b49979cc3b9d373a5a,
        type: 3}
      propertyPath: m_Name
      value: Ennemies (4)
      objectReference: {fileID: 0}
    - target: {fileID: 2036305111683634568, guid: fe05fac25cfd84b49979cc3b9d373a5a,
        type: 3}
      propertyPath: m_TagString
      value: Enemy
      objectReference: {fileID: 0}
    - target: {fileID: 2036305111683634568, guid: fe05fac25cfd84b49979cc3b9d373a5a,
        type: 3}
      propertyPath: m_IsActive
      value: 0
      objectReference: {fileID: 0}
    - target: {fileID: -3455006229796282087, guid: fe05fac25cfd84b49979cc3b9d373a5a,
        type: 3}
      propertyPath: target
      value: 
      objectReference: {fileID: 0}
    - target: {fileID: -3455006229796282087, guid: fe05fac25cfd84b49979cc3b9d373a5a,
        type: 3}
      propertyPath: player
      value: 
      objectReference: {fileID: 0}
    - target: {fileID: 7854964405010754458, guid: fe05fac25cfd84b49979cc3b9d373a5a,
        type: 3}
      propertyPath: drawGizmos
      value: 1
      objectReference: {fileID: 0}
    - target: {fileID: -9208542759826294313, guid: fe05fac25cfd84b49979cc3b9d373a5a,
        type: 3}
      propertyPath: sight
      value: 5
      objectReference: {fileID: 0}
    - target: {fileID: -9208542759826294313, guid: fe05fac25cfd84b49979cc3b9d373a5a,
        type: 3}
      propertyPath: target
      value: 
      objectReference: {fileID: 0}
    - target: {fileID: 2036305111683634567, guid: fe05fac25cfd84b49979cc3b9d373a5a,
        type: 3}
      propertyPath: m_LocalPosition.x
      value: 12.53
      objectReference: {fileID: 0}
    - target: {fileID: 2036305111683634567, guid: fe05fac25cfd84b49979cc3b9d373a5a,
        type: 3}
      propertyPath: m_LocalPosition.y
      value: 7.68
      objectReference: {fileID: 0}
    - target: {fileID: 2036305111683634567, guid: fe05fac25cfd84b49979cc3b9d373a5a,
        type: 3}
      propertyPath: m_LocalPosition.z
      value: 0
      objectReference: {fileID: 0}
    - target: {fileID: 2036305111683634567, guid: fe05fac25cfd84b49979cc3b9d373a5a,
        type: 3}
      propertyPath: m_LocalRotation.x
      value: 0
      objectReference: {fileID: 0}
    - target: {fileID: 2036305111683634567, guid: fe05fac25cfd84b49979cc3b9d373a5a,
        type: 3}
      propertyPath: m_LocalRotation.y
      value: 0
      objectReference: {fileID: 0}
    - target: {fileID: 2036305111683634567, guid: fe05fac25cfd84b49979cc3b9d373a5a,
        type: 3}
      propertyPath: m_LocalRotation.z
      value: 0
      objectReference: {fileID: 0}
    - target: {fileID: 2036305111683634567, guid: fe05fac25cfd84b49979cc3b9d373a5a,
        type: 3}
      propertyPath: m_LocalRotation.w
      value: 1
      objectReference: {fileID: 0}
    - target: {fileID: 2036305111683634567, guid: fe05fac25cfd84b49979cc3b9d373a5a,
        type: 3}
      propertyPath: m_RootOrder
      value: 6
      objectReference: {fileID: 0}
    - target: {fileID: 2036305111683634567, guid: fe05fac25cfd84b49979cc3b9d373a5a,
        type: 3}
      propertyPath: m_LocalEulerAnglesHint.x
      value: 0
      objectReference: {fileID: 0}
    - target: {fileID: 2036305111683634567, guid: fe05fac25cfd84b49979cc3b9d373a5a,
        type: 3}
      propertyPath: m_LocalEulerAnglesHint.y
      value: 0
      objectReference: {fileID: 0}
    - target: {fileID: 2036305111683634567, guid: fe05fac25cfd84b49979cc3b9d373a5a,
        type: 3}
      propertyPath: m_LocalEulerAnglesHint.z
      value: 0
      objectReference: {fileID: 0}
    - target: {fileID: 2036305111683634566, guid: fe05fac25cfd84b49979cc3b9d373a5a,
        type: 3}
      propertyPath: m_SortingOrder
      value: 1
      objectReference: {fileID: 0}
    m_RemovedComponents: []
  m_SourcePrefab: {fileID: 100100000, guid: fe05fac25cfd84b49979cc3b9d373a5a, type: 3}
--- !u!1001 &1466657285
PrefabInstance:
  m_ObjectHideFlags: 0
  serializedVersion: 2
  m_Modification:
    m_TransformParent: {fileID: 0}
    m_Modifications:
    - target: {fileID: 2036305111683634568, guid: fe05fac25cfd84b49979cc3b9d373a5a,
        type: 3}
      propertyPath: m_Name
      value: Ennemies (6)
      objectReference: {fileID: 0}
    - target: {fileID: 2036305111683634568, guid: fe05fac25cfd84b49979cc3b9d373a5a,
        type: 3}
      propertyPath: m_TagString
      value: Enemy
      objectReference: {fileID: 0}
    - target: {fileID: 2036305111683634568, guid: fe05fac25cfd84b49979cc3b9d373a5a,
        type: 3}
      propertyPath: m_IsActive
      value: 0
      objectReference: {fileID: 0}
    - target: {fileID: -3455006229796282087, guid: fe05fac25cfd84b49979cc3b9d373a5a,
        type: 3}
      propertyPath: target
      value: 
      objectReference: {fileID: 0}
    - target: {fileID: -3455006229796282087, guid: fe05fac25cfd84b49979cc3b9d373a5a,
        type: 3}
      propertyPath: player
      value: 
      objectReference: {fileID: 0}
    - target: {fileID: 7854964405010754458, guid: fe05fac25cfd84b49979cc3b9d373a5a,
        type: 3}
      propertyPath: drawGizmos
      value: 1
      objectReference: {fileID: 0}
    - target: {fileID: -9208542759826294313, guid: fe05fac25cfd84b49979cc3b9d373a5a,
        type: 3}
      propertyPath: sight
      value: 5
      objectReference: {fileID: 0}
    - target: {fileID: -9208542759826294313, guid: fe05fac25cfd84b49979cc3b9d373a5a,
        type: 3}
      propertyPath: target
      value: 
      objectReference: {fileID: 0}
    - target: {fileID: 2036305111683634567, guid: fe05fac25cfd84b49979cc3b9d373a5a,
        type: 3}
      propertyPath: m_LocalPosition.x
      value: -20.64
      objectReference: {fileID: 0}
    - target: {fileID: 2036305111683634567, guid: fe05fac25cfd84b49979cc3b9d373a5a,
        type: 3}
      propertyPath: m_LocalPosition.y
      value: -3.18
      objectReference: {fileID: 0}
    - target: {fileID: 2036305111683634567, guid: fe05fac25cfd84b49979cc3b9d373a5a,
        type: 3}
      propertyPath: m_LocalPosition.z
      value: 0
      objectReference: {fileID: 0}
    - target: {fileID: 2036305111683634567, guid: fe05fac25cfd84b49979cc3b9d373a5a,
        type: 3}
      propertyPath: m_LocalRotation.x
      value: 0
      objectReference: {fileID: 0}
    - target: {fileID: 2036305111683634567, guid: fe05fac25cfd84b49979cc3b9d373a5a,
        type: 3}
      propertyPath: m_LocalRotation.y
      value: 0
      objectReference: {fileID: 0}
    - target: {fileID: 2036305111683634567, guid: fe05fac25cfd84b49979cc3b9d373a5a,
        type: 3}
      propertyPath: m_LocalRotation.z
      value: 0
      objectReference: {fileID: 0}
    - target: {fileID: 2036305111683634567, guid: fe05fac25cfd84b49979cc3b9d373a5a,
        type: 3}
      propertyPath: m_LocalRotation.w
      value: 1
      objectReference: {fileID: 0}
    - target: {fileID: 2036305111683634567, guid: fe05fac25cfd84b49979cc3b9d373a5a,
        type: 3}
      propertyPath: m_RootOrder
      value: 8
      objectReference: {fileID: 0}
    - target: {fileID: 2036305111683634567, guid: fe05fac25cfd84b49979cc3b9d373a5a,
        type: 3}
      propertyPath: m_LocalEulerAnglesHint.x
      value: 0
      objectReference: {fileID: 0}
    - target: {fileID: 2036305111683634567, guid: fe05fac25cfd84b49979cc3b9d373a5a,
        type: 3}
      propertyPath: m_LocalEulerAnglesHint.y
      value: 0
      objectReference: {fileID: 0}
    - target: {fileID: 2036305111683634567, guid: fe05fac25cfd84b49979cc3b9d373a5a,
        type: 3}
      propertyPath: m_LocalEulerAnglesHint.z
      value: 0
      objectReference: {fileID: 0}
    - target: {fileID: 2036305111683634566, guid: fe05fac25cfd84b49979cc3b9d373a5a,
        type: 3}
      propertyPath: m_SortingOrder
      value: 1
      objectReference: {fileID: 0}
    m_RemovedComponents: []
  m_SourcePrefab: {fileID: 100100000, guid: fe05fac25cfd84b49979cc3b9d373a5a, type: 3}
--- !u!1 &1635455460 stripped
GameObject:
  m_CorrespondingSourceObject: {fileID: 2036305111683634568, guid: fe05fac25cfd84b49979cc3b9d373a5a,
    type: 3}
  m_PrefabInstance: {fileID: 1432803668}
  m_PrefabAsset: {fileID: 0}
--- !u!114 &1635455461
MonoBehaviour:
  m_ObjectHideFlags: 0
  m_CorrespondingSourceObject: {fileID: 0}
  m_PrefabInstance: {fileID: 0}
  m_PrefabAsset: {fileID: 0}
  m_GameObject: {fileID: 1635455460}
  m_Enabled: 1
  m_EditorHideFlags: 0
  m_Script: {fileID: 11500000, guid: 847a14d4dc9cc43679ab34fc78e0182f, type: 3}
  m_Name: 
  m_EditorClassIdentifier: 
  version: 2
  repathRate: Infinity
  canSearch: 1
  canMove: 1
  speed: 4
  orientation: 1
  enableRotation: 0
  rotationSpeed: 30
  interpolatePathSwitches: 1
  switchPathInterpolationSpeed: 10
  targetCompatibility: {fileID: 0}
--- !u!1 &1649321677 stripped
GameObject:
  m_CorrespondingSourceObject: {fileID: 2036305111683634568, guid: fe05fac25cfd84b49979cc3b9d373a5a,
    type: 3}
  m_PrefabInstance: {fileID: 134336631}
  m_PrefabAsset: {fileID: 0}
--- !u!114 &1649321678
MonoBehaviour:
  m_ObjectHideFlags: 0
  m_CorrespondingSourceObject: {fileID: 0}
  m_PrefabInstance: {fileID: 0}
  m_PrefabAsset: {fileID: 0}
  m_GameObject: {fileID: 1649321677}
  m_Enabled: 1
  m_EditorHideFlags: 0
  m_Script: {fileID: 11500000, guid: 847a14d4dc9cc43679ab34fc78e0182f, type: 3}
  m_Name: 
  m_EditorClassIdentifier: 
  version: 2
  repathRate: Infinity
  canSearch: 1
  canMove: 1
  speed: 4
  orientation: 1
  enableRotation: 0
  rotationSpeed: 30
  interpolatePathSwitches: 1
  switchPathInterpolationSpeed: 10
  targetCompatibility: {fileID: 0}
--- !u!1001 &2387050834959228114
PrefabInstance:
  m_ObjectHideFlags: 0
  serializedVersion: 2
  m_Modification:
    m_TransformParent: {fileID: 0}
    m_Modifications:
    - target: {fileID: 2387050833548451382, guid: c6655fb0eee07f24285a0e36c0e80e95,
        type: 3}
      propertyPath: m_Name
      value: Circle
      objectReference: {fileID: 0}
    - target: {fileID: 2387050833548451381, guid: c6655fb0eee07f24285a0e36c0e80e95,
        type: 3}
      propertyPath: m_LocalPosition.x
      value: -8.84
      objectReference: {fileID: 0}
    - target: {fileID: 2387050833548451381, guid: c6655fb0eee07f24285a0e36c0e80e95,
        type: 3}
      propertyPath: m_LocalPosition.y
      value: -3.25
      objectReference: {fileID: 0}
    - target: {fileID: 2387050833548451381, guid: c6655fb0eee07f24285a0e36c0e80e95,
        type: 3}
      propertyPath: m_LocalPosition.z
      value: 0
      objectReference: {fileID: 0}
    - target: {fileID: 2387050833548451381, guid: c6655fb0eee07f24285a0e36c0e80e95,
        type: 3}
      propertyPath: m_LocalRotation.x
      value: 0
      objectReference: {fileID: 0}
    - target: {fileID: 2387050833548451381, guid: c6655fb0eee07f24285a0e36c0e80e95,
        type: 3}
      propertyPath: m_LocalRotation.y
      value: 0
      objectReference: {fileID: 0}
    - target: {fileID: 2387050833548451381, guid: c6655fb0eee07f24285a0e36c0e80e95,
        type: 3}
      propertyPath: m_LocalRotation.z
      value: 0
      objectReference: {fileID: 0}
    - target: {fileID: 2387050833548451381, guid: c6655fb0eee07f24285a0e36c0e80e95,
        type: 3}
      propertyPath: m_LocalRotation.w
      value: 1
      objectReference: {fileID: 0}
    - target: {fileID: 2387050833548451381, guid: c6655fb0eee07f24285a0e36c0e80e95,
        type: 3}
      propertyPath: m_RootOrder
      value: 11
      objectReference: {fileID: 0}
    - target: {fileID: 2387050833548451381, guid: c6655fb0eee07f24285a0e36c0e80e95,
        type: 3}
      propertyPath: m_LocalEulerAnglesHint.x
      value: 0
      objectReference: {fileID: 0}
    - target: {fileID: 2387050833548451381, guid: c6655fb0eee07f24285a0e36c0e80e95,
        type: 3}
      propertyPath: m_LocalEulerAnglesHint.y
      value: 0
      objectReference: {fileID: 0}
    - target: {fileID: 2387050833548451381, guid: c6655fb0eee07f24285a0e36c0e80e95,
        type: 3}
      propertyPath: m_LocalEulerAnglesHint.z
      value: 0
      objectReference: {fileID: 0}
    m_RemovedComponents: []
  m_SourcePrefab: {fileID: 100100000, guid: c6655fb0eee07f24285a0e36c0e80e95, type: 3}
--- !u!1001 &8451510263046516354
PrefabInstance:
  m_ObjectHideFlags: 0
  serializedVersion: 2
  m_Modification:
    m_TransformParent: {fileID: 0}
    m_Modifications:
    - target: {fileID: 2036305111683634568, guid: fe05fac25cfd84b49979cc3b9d373a5a,
        type: 3}
      propertyPath: m_Name
      value: Ennemies
      objectReference: {fileID: 0}
    - target: {fileID: -3455006229796282087, guid: fe05fac25cfd84b49979cc3b9d373a5a,
        type: 3}
      propertyPath: player
      value: 
      objectReference: {fileID: 0}
    - target: {fileID: -3455006229796282087, guid: fe05fac25cfd84b49979cc3b9d373a5a,
        type: 3}
      propertyPath: target
      value: 
      objectReference: {fileID: 0}
    - target: {fileID: 2036305111683634567, guid: fe05fac25cfd84b49979cc3b9d373a5a,
        type: 3}
      propertyPath: m_LocalPosition.x
      value: -6.19
      objectReference: {fileID: 0}
    - target: {fileID: 2036305111683634567, guid: fe05fac25cfd84b49979cc3b9d373a5a,
        type: 3}
      propertyPath: m_LocalPosition.y
      value: 1.96
      objectReference: {fileID: 0}
    - target: {fileID: 2036305111683634567, guid: fe05fac25cfd84b49979cc3b9d373a5a,
        type: 3}
      propertyPath: m_LocalPosition.z
      value: 0
      objectReference: {fileID: 0}
    - target: {fileID: 2036305111683634567, guid: fe05fac25cfd84b49979cc3b9d373a5a,
        type: 3}
      propertyPath: m_LocalRotation.x
      value: 0
      objectReference: {fileID: 0}
    - target: {fileID: 2036305111683634567, guid: fe05fac25cfd84b49979cc3b9d373a5a,
        type: 3}
      propertyPath: m_LocalRotation.y
      value: 0
      objectReference: {fileID: 0}
    - target: {fileID: 2036305111683634567, guid: fe05fac25cfd84b49979cc3b9d373a5a,
        type: 3}
      propertyPath: m_LocalRotation.z
      value: 0
      objectReference: {fileID: 0}
    - target: {fileID: 2036305111683634567, guid: fe05fac25cfd84b49979cc3b9d373a5a,
        type: 3}
      propertyPath: m_LocalRotation.w
      value: 1
      objectReference: {fileID: 0}
    - target: {fileID: 2036305111683634567, guid: fe05fac25cfd84b49979cc3b9d373a5a,
        type: 3}
      propertyPath: m_RootOrder
      value: 1
      objectReference: {fileID: 0}
    - target: {fileID: 2036305111683634567, guid: fe05fac25cfd84b49979cc3b9d373a5a,
        type: 3}
      propertyPath: m_LocalEulerAnglesHint.x
      value: 0
      objectReference: {fileID: 0}
    - target: {fileID: 2036305111683634567, guid: fe05fac25cfd84b49979cc3b9d373a5a,
        type: 3}
      propertyPath: m_LocalEulerAnglesHint.y
      value: 0
      objectReference: {fileID: 0}
    - target: {fileID: 2036305111683634567, guid: fe05fac25cfd84b49979cc3b9d373a5a,
        type: 3}
      propertyPath: m_LocalEulerAnglesHint.z
      value: 0
      objectReference: {fileID: 0}
    m_RemovedComponents: []
  m_SourcePrefab: {fileID: 100100000, guid: fe05fac25cfd84b49979cc3b9d373a5a, type: 3}
