%YAML 1.1
%TAG !u! tag:unity3d.com,2011:
--- !u!1 &1783628496585099962
GameObject:
  m_ObjectHideFlags: 0
  m_CorrespondingSourceObject: {fileID: 0}
  m_PrefabInstance: {fileID: 0}
  m_PrefabAsset: {fileID: 0}
  serializedVersion: 6
  m_Component:
  - component: {fileID: 1783628496585099957}
  - component: {fileID: 339598705499956965}
  - component: {fileID: 7602252769286681768}
  - component: {fileID: 6093240813342703147}
  - component: {fileID: 325050955153566188}
  - component: {fileID: 3226098029583259639}
  m_Layer: 0
  m_Name: Mob3
  m_TagString: Enemy
  m_Icon: {fileID: 0}
  m_NavMeshLayer: 0
  m_StaticEditorFlags: 0
  m_IsActive: 1
--- !u!4 &1783628496585099957
Transform:
  m_ObjectHideFlags: 0
  m_CorrespondingSourceObject: {fileID: 0}
  m_PrefabInstance: {fileID: 0}
  m_PrefabAsset: {fileID: 0}
  m_GameObject: {fileID: 1783628496585099962}
  m_LocalRotation: {x: 0, y: 0, z: 0, w: 1}
  m_LocalPosition: {x: -4.3307796, y: -0.53011626, z: 0}
  m_LocalScale: {x: 1, y: 1, z: 1}
  m_Children:
  - {fileID: 3285445007616980395}
  m_Father: {fileID: 0}
  m_RootOrder: 0
  m_LocalEulerAnglesHint: {x: 0, y: 0, z: 0}
--- !u!114 &339598705499956965
MonoBehaviour:
  m_ObjectHideFlags: 0
  m_CorrespondingSourceObject: {fileID: 0}
  m_PrefabInstance: {fileID: 0}
  m_PrefabAsset: {fileID: 0}
  m_GameObject: {fileID: 1783628496585099962}
  m_Enabled: 1
  m_EditorHideFlags: 0
  m_Script: {fileID: 11500000, guid: 1398acbb556ab5e4197bf93d422cfa8a, type: 3}
  m_Name: 
  m_EditorClassIdentifier: 
  range: 2
  speed: 1
  Range: 100
  HP: 600
  HP_max: 600
  armor: 0
  attack: 10
  attackSpeed: 0.2
  direction: {x: 0, y: 0, z: 0}
  lifeVamp: 0
  MoreDamage: 0
  items: []
  gameController: {fileID: 0}
  sectorController: {fileID: 0}
  sight: 5
  itemPrefab: {fileID: 2387050833548451382, guid: c6655fb0eee07f24285a0e36c0e80e95,
    type: 3}
  dechet:
  - {fileID: 2048595366231148860, guid: 682f520e665824e468581d07ea52c885, type: 3}
  - {fileID: 7335972594307564871, guid: d19085c5d6c207d42b7709b943d55656, type: 3}
  - {fileID: 7972221729999289843, guid: c06b0eb99a8167c45be0667a1ea64826, type: 3}
  - {fileID: 7977365756564853482, guid: 8b6937ca572b8384c822d1ef6c2bda9b, type: 3}
--- !u!114 &7602252769286681768
MonoBehaviour:
  m_ObjectHideFlags: 0
  m_CorrespondingSourceObject: {fileID: 0}
  m_PrefabInstance: {fileID: 0}
  m_PrefabAsset: {fileID: 0}
  m_GameObject: {fileID: 1783628496585099962}
  m_Enabled: 1
  m_EditorHideFlags: 0
  m_Script: {fileID: 11500000, guid: 373b52eb9bf8c40f785bb6947a1aee66, type: 3}
  m_Name: 
  m_EditorClassIdentifier: 
  version: 1
  drawGizmos: 0
  detailedGizmos: 0
  startEndModifier:
    addPoints: 0
    exactStartPoint: 3
    exactEndPoint: 3
    useRaycasting: 0
    mask:
      serializedVersion: 2
      m_Bits: 4294967295
    useGraphRaycasting: 0
  traversableTags: -1
  tagPenalties: 0000000000000000000000000000000000000000000000000000000000000000000000000000000000000000000000000000000000000000000000000000000000000000000000000000000000000000000000000000000000000000000000000000000000000000000000000000000000000000000000000000000000000000
  graphMask:
    value: -1
--- !u!114 &6093240813342703147
MonoBehaviour:
  m_ObjectHideFlags: 0
  m_CorrespondingSourceObject: {fileID: 0}
  m_PrefabInstance: {fileID: 0}
  m_PrefabAsset: {fileID: 0}
  m_GameObject: {fileID: 1783628496585099962}
  m_Enabled: 1
  m_EditorHideFlags: 0
  m_Script: {fileID: 11500000, guid: c9679e68a0f1144e79c664d9a11ca121, type: 3}
  m_Name: 
  m_EditorClassIdentifier: 
  version: 1
  player: {fileID: 0}
  target: {fileID: 0}
  sight: 5
  range: 0
--- !u!114 &325050955153566188
MonoBehaviour:
  m_ObjectHideFlags: 0
  m_CorrespondingSourceObject: {fileID: 0}
  m_PrefabInstance: {fileID: 0}
  m_PrefabAsset: {fileID: 0}
  m_GameObject: {fileID: 1783628496585099962}
  m_Enabled: 1
  m_EditorHideFlags: 0
  m_Script: {fileID: 11500000, guid: 847a14d4dc9cc43679ab34fc78e0182f, type: 3}
  m_Name: 
  m_EditorClassIdentifier: 
  version: 2
  repathRate: Infinity
  canSearch: 1
  canMove: 1
  speed: 4
  orientation: 1
  enableRotation: 0
  rotationSpeed: 30
  interpolatePathSwitches: 1
  switchPathInterpolationSpeed: 10
  targetCompatibility: {fileID: 0}
--- !u!114 &3226098029583259639
MonoBehaviour:
  m_ObjectHideFlags: 0
  m_CorrespondingSourceObject: {fileID: 0}
  m_PrefabInstance: {fileID: 0}
  m_PrefabAsset: {fileID: 0}
  m_GameObject: {fileID: 1783628496585099962}
  m_Enabled: 1
  m_EditorHideFlags: 0
  m_Script: {fileID: 11500000, guid: fa6e961de9b68bc48854206f42d9c4dd, type: 3}
  m_Name: 
  m_EditorClassIdentifier: 
  x: 0
  y: 0
  width: 1
  height: 1
--- !u!1 &8626299761884800553
GameObject:
  m_ObjectHideFlags: 0
  m_CorrespondingSourceObject: {fileID: 8301284144807524814, guid: 844c2ec3103bf374a83248b0cc164b9a,
    type: 3}
  m_PrefabInstance: {fileID: 325050956833857511}
  m_PrefabAsset: {fileID: 0}
  serializedVersion: 6
  m_Component:
  - component: {fileID: 3285445007616980395}
  - component: {fileID: 8657732511436104626}
  - component: {fileID: 5544272038195275845}
  m_Layer: 0
  m_Name: M02_01
  m_TagString: Untagged
  m_Icon: {fileID: 0}
  m_NavMeshLayer: 0
  m_StaticEditorFlags: 0
  m_IsActive: 1
--- !u!4 &3285445007616980395
Transform:
  m_ObjectHideFlags: 0
  m_CorrespondingSourceObject: {fileID: 2961942267841784396, guid: 844c2ec3103bf374a83248b0cc164b9a,
    type: 3}
  m_PrefabInstance: {fileID: 325050956833857511}
  m_PrefabAsset: {fileID: 0}
  m_GameObject: {fileID: 8626299761884800553}
  m_LocalRotation: {x: 0, y: 0, z: 0, w: 1}
  m_LocalPosition: {x: 0.22, y: 0.36, z: 0}
  m_LocalScale: {x: 1, y: 1, z: 1}
  m_Children: []
  m_Father: {fileID: 1783628496585099957}
  m_RootOrder: 0
  m_LocalEulerAnglesHint: {x: 0, y: 0, z: 0}
--- !u!212 &8657732511436104626
SpriteRenderer:
  m_ObjectHideFlags: 0
  m_CorrespondingSourceObject: {fileID: 8981481429859073109, guid: 844c2ec3103bf374a83248b0cc164b9a,
    type: 3}
  m_PrefabInstance: {fileID: 325050956833857511}
  m_PrefabAsset: {fileID: 0}
  m_GameObject: {fileID: 8626299761884800553}
  m_Enabled: 1
  m_CastShadows: 0
  m_ReceiveShadows: 0
  m_DynamicOccludee: 1
  m_MotionVectors: 1
  m_LightProbeUsage: 1
  m_ReflectionProbeUsage: 1
  m_RenderingLayerMask: 1
  m_RendererPriority: 0
  m_Materials:
  - {fileID: 10754, guid: 0000000000000000f000000000000000, type: 0}
  m_StaticBatchInfo:
    firstSubMesh: 0
    subMeshCount: 0
  m_StaticBatchRoot: {fileID: 0}
  m_ProbeAnchor: {fileID: 0}
  m_LightProbeVolumeOverride: {fileID: 0}
  m_ScaleInLightmap: 1
  m_ReceiveGI: 1
  m_PreserveUVs: 0
  m_IgnoreNormalsForChartDetection: 0
  m_ImportantGI: 0
  m_StitchLightmapSeams: 1
  m_SelectedEditorRenderState: 0
  m_MinimumChartSize: 4
  m_AutoUVMaxDistance: 0.5
  m_AutoUVMaxAngle: 89
  m_LightmapParameters: {fileID: 0}
  m_SortingLayerID: 0
  m_SortingLayer: 0
  m_SortingOrder: 1
  m_Sprite: {fileID: 21300000, guid: 903a1176257c3f84b8f38b8840233d5b, type: 3}
  m_Color: {r: 1, g: 1, b: 1, a: 1}
  m_FlipX: 0
  m_FlipY: 0
  m_DrawMode: 0
  m_Size: {x: 1, y: 1.8}
  m_AdaptiveModeThreshold: 0.5
  m_SpriteTileMode: 0
  m_WasSpriteAssigned: 1
  m_MaskInteraction: 0
  m_SpriteSortPoint: 0
--- !u!61 &5544272038195275845
BoxCollider2D:
  m_ObjectHideFlags: 0
  m_CorrespondingSourceObject: {fileID: 5220769367720540066, guid: 844c2ec3103bf374a83248b0cc164b9a,
    type: 3}
  m_PrefabInstance: {fileID: 325050956833857511}
  m_PrefabAsset: {fileID: 0}
  m_GameObject: {fileID: 8626299761884800553}
  m_Enabled: 1
  m_Density: 1
  m_Material: {fileID: 0}
  m_IsTrigger: 0
  m_UsedByEffector: 0
  m_UsedByComposite: 0
  m_Offset: {x: 0, y: 0}
  m_SpriteTilingProperty:
    border: {x: 0, y: 0, z: 0, w: 0}
    pivot: {x: 0.5, y: 0.5}
    oldSize: {x: 1, y: 1.8}
    newSize: {x: 1, y: 1.8}
    adaptiveTilingThreshold: 0.5
    drawMode: 0
    adaptiveTiling: 0
  m_AutoTiling: 0
  serializedVersion: 2
  m_Size: {x: 1, y: 1.8}
  m_EdgeRadius: 0
--- !u!1001 &325050956833857511
PrefabInstance:
  m_ObjectHideFlags: 0
  serializedVersion: 2
  m_Modification:
    m_TransformParent: {fileID: 1783628496585099957}
    m_Modifications:
    - target: {fileID: 2961942267841784396, guid: 844c2ec3103bf374a83248b0cc164b9a,
        type: 3}
      propertyPath: m_LocalPosition.x
      value: 0.22
      objectReference: {fileID: 0}
    - target: {fileID: 2961942267841784396, guid: 844c2ec3103bf374a83248b0cc164b9a,
        type: 3}
      propertyPath: m_LocalPosition.y
      value: 0.36
      objectReference: {fileID: 0}
    - target: {fileID: 2961942267841784396, guid: 844c2ec3103bf374a83248b0cc164b9a,
        type: 3}
      propertyPath: m_LocalPosition.z
      value: 0
      objectReference: {fileID: 0}
    - target: {fileID: 2961942267841784396, guid: 844c2ec3103bf374a83248b0cc164b9a,
        type: 3}
      propertyPath: m_LocalRotation.x
      value: 0
      objectReference: {fileID: 0}
    - target: {fileID: 2961942267841784396, guid: 844c2ec3103bf374a83248b0cc164b9a,
        type: 3}
      propertyPath: m_LocalRotation.y
      value: 0
      objectReference: {fileID: 0}
    - target: {fileID: 2961942267841784396, guid: 844c2ec3103bf374a83248b0cc164b9a,
        type: 3}
      propertyPath: m_LocalRotation.z
      value: 0
      objectReference: {fileID: 0}
    - target: {fileID: 2961942267841784396, guid: 844c2ec3103bf374a83248b0cc164b9a,
        type: 3}
      propertyPath: m_LocalRotation.w
      value: 1
      objectReference: {fileID: 0}
    - target: {fileID: 2961942267841784396, guid: 844c2ec3103bf374a83248b0cc164b9a,
        type: 3}
      propertyPath: m_RootOrder
      value: 0
      objectReference: {fileID: 0}
    - target: {fileID: 2961942267841784396, guid: 844c2ec3103bf374a83248b0cc164b9a,
        type: 3}
      propertyPath: m_LocalEulerAnglesHint.x
      value: 0
      objectReference: {fileID: 0}
    - target: {fileID: 2961942267841784396, guid: 844c2ec3103bf374a83248b0cc164b9a,
        type: 3}
      propertyPath: m_LocalEulerAnglesHint.y
      value: 0
      objectReference: {fileID: 0}
    - target: {fileID: 2961942267841784396, guid: 844c2ec3103bf374a83248b0cc164b9a,
        type: 3}
      propertyPath: m_LocalEulerAnglesHint.z
      value: 0
      objectReference: {fileID: 0}
    - target: {fileID: 8301284144807524814, guid: 844c2ec3103bf374a83248b0cc164b9a,
        type: 3}
      propertyPath: m_Name
      value: M02_01
      objectReference: {fileID: 0}
    m_RemovedComponents: []
  m_SourcePrefab: {fileID: 100100000, guid: 844c2ec3103bf374a83248b0cc164b9a, type: 3}
